@ARTICLE{Bates1969-cu,
   title     = "The Combination of Forecasts",
   author    = "Bates, J M and Granger, C W J",
   journal   = "Journal of the Operational Research Society",
   publisher = "Operational Research Society",
   volume    =  20,
   number    =  4,
   pages     = "451--468",
   year      =  1969
 }
@INCOLLECTION{Aiolfi2011-yz,
   title     = "Forecast Combinations",
   booktitle = "Handbook of economic forecasting,pp. 135-196. Chapter 4",
   author    = "Timmermann, Allan",
   editor    = "{Graham Elliot and Clive W. J. Granger, Timmermann Allan}",
   publisher = "Amsterdam, North-Holland",
   year      =  2006
 }
@inproceedings{prudencio2004using,
  title={Using machine learning techniques to combine forecasting methods},
  author={Prud{\^e}ncio, Ricardo and Ludermir, Teresa},
  booktitle={Australasian Joint Conference on Artificial Intelligence},
  pages={1122--1127},
  year={2004},
  organization={Springer}
}
@article{fforms,
  title={Meta-learning how to forecast time series},
  author={Talagala, Thiyanga S and Hyndman, Rob J and Athanasopoulos, George},
  journal={Technical Report 6/18, Monash University.},
  year = {2018},
}
@article{makridakis2000m3,
  title={The M3-Competition: results, conclusions and implications},
  author={Makridakis, Spyros and Hibon, Michele},
  journal={International Journal of Forecasting},
  volume={16},
  number={4},
  pages={451--476},
  year={2000}
}
@inproceedings{hyndman2015large,
  title={Large-scale unusual time series detection},
  author={Hyndman, Rob J and Wang, Earo and Laptev, Nikolay},
  booktitle={Data Mining Workshop (ICDMW), 2015 IEEE International Conference on},
  pages={1616--1619},
  year={2015},
  organization={IEEE}
}

@inproceedings{chen2016xgboost,
  title={Xgboost: A scalable tree boosting system},
  author={Chen, Tianqi and Guestrin, Carlos},
  booktitle={Proceedings of the 22nd acm sigkdd international conference on knowledge discovery and data mining},
  pages={785--794},
  year={2016},
  organization={ACM}
}
@Manual{tsfeatures,
    title = {{tsfeatures}: Time Series Feature Extraction},
    author = {Rob Hyndman and Earo Wang and Yanfei Kang and Thiyanga Talagala},
    year = {2018},
    note = {R package version 0.1},
    url = {https://github.com/robjhyndman/tsfeatures}
  }
@Manual{rBayesianOptimization,
    title = {{rBayesianOptimization}: Bayesian Optimization of Hyperparameters},
    author = {Yachen Yan},
    year = {2016},
    note = {R package version 1.1.0},
    url = {https://cran.r-project.org/web/packages/rBayesianOptimization/index.html}
  }
@Manual{forecast,
    title = {{forecast}: Forecasting functions for time series and
      linear models},
    author = {Rob Hyndman and George Athanasopoulos and Christoph Bergmeir and Gabriel Caceres and Leanne Chhay and Mitchell O'Hara-Wild and Fotios Petropoulos and Slava Razbash and Earo Wang and Farah Yasmeen},
    year = {2018},
    note = {R package version 8.3},
    url = {http://pkg.robjhyndman.com/forecast},
  }
@article{Cle1989,
author = {Clemen, R},
journal = {International Journal of Forecasting},
pages = {559--608},
title = {{Combining forecasts: a review and annotated bibliography with discussion}},
volume = {5},
year = {1989}
}

@article{engle1982autoregressive,
  title={Autoregressive conditional heteroscedasticity with estimates of the variance of United Kingdom inflation},
  author={Engle, Robert F},
  journal={Econometrica: Journal of the Econometric Society},
  pages={987--1007},
  year={1982},
  publisher={JSTOR}
}

@article{LEMKE20102006,
title = "Meta-learning for time series forecasting and forecast combination",
journal = "Neurocomputing",
volume = "73",
number = "10",
pages = "2006 - 2016",
year = "2010",
note = "Subspace Learning / Selected papers from the European Symposium on Time Series Prediction",
issn = "0925-2312",
doi = "https://doi.org/10.1016/j.neucom.2009.09.020",
url = "http://www.sciencedirect.com/science/article/pii/S0925231210001074",
author = "Christiane Lemke and Bogdan Gabrys",
keywords = "Forecasting, Forecast combination, Time series, Time series features, Meta-learning, Diversity"
}

@article{KucEtAl2016,
author = {K{\"{u}}ck, Mirko and Crone, Sven F and Freitag, Michael},
file = {:D$\backslash$:/George/PDFs/K{\"{u}}ck, Crone, Freitag - 2016 - Meta-Learning with Neural Networks and Landmarking for Forecasting Model Selection - An Empirical Evaluati.pdf:pdf},
isbn = {9781509006205},
journal = {International Joint Conference on Neural Networks},
keywords = {features,industry data,meta-,meta-learning,time series forecasting},
pages = {1499--1506},
title = {{Meta-Learning with Neural Networks and Landmarking for Forecasting Model Selection - An Empirical Evaluation of Different Feature Sets Applied to Industry Data Meta-Learning with Neural Networks and Landmarking for Forecasting Model Selection}},
year = {2016}
}
